@article{andrew2012sunflower,
  title={Adaptation with gene flow across the landscape in a dune sunflower},
  author={Andrew, Rose L and Ostevik, Katherine L and Ebert, Daniel P and Rieseberg, Loren H},
  journal={Molecular ecology},
  volume={21},
  number={9},
  pages={2078--2091},
  year={2012},
  publisher={Wiley Online Library}
}

@article{feder2012,
  title={The genomics of speciation-with-gene-flow},
  author={Feder, Jeffrey L and Egan, Scott P and Nosil, Patrik},
  journal={Trends in Genetics},
  volume={28},
  number={7},
  pages={342--350},
  year={2012},
  publisher={Elsevier}
}


@article{racimo2015,
  title={Evidence for archaic adaptive introgression in humans},
  author={Racimo, Fernando and Sankararaman, Sriram and Nielsen, Rasmus and Huerta-S{\'a}nchez, Emilia},
  journal={Nature Reviews Genetics},
  volume={16},
  number={6},
  pages={359--371},
  year={2015},
  publisher={Nature Publishing Group}
}

@article{Takuno2015,
author = {Takuno, Shohei and Ralph, Peter and Swarts, Kelly and Elshire, Rob J. and Glaubitz, Jeffrey C. and Buckler, Edward S. and Hufford, Matthew B. and Ross-Ibarra, Jeffrey}, 
title = {Independent Molecular Basis of Convergent Highland Adaptation in Maize},
year = {2015}, 
doi = {10.1534/genetics.115.178327}, 
URL = {http://www.genetics.org/content/early/2015/06/15/genetics.115.178327.abstract}, 
eprint = {http://www.genetics.org/content/early/2015/06/15/genetics.115.178327.full.pdf+html}, 
journal = {Genetics} 
}

@article{hufford2013,
  title={The genomic signature of crop-wild introgression in maize},
  author={Hufford, Matthew B and Lubinksy, Pesach and Pyh{\"a}j{\"a}rvi, Tanja and Devengenzo, Michael T and Ellstrand, Norman C and Ross-Ibarra, Jeffrey},
  year={2013},
  doi={10.1371/journal.pgen.1003477},
  journal={Plos genetics} 
}

@article{vanHeerwaarden2011,
  title={Genetic signals of origin, spread, and introgression in a large sample of maize landraces},
  author={van Heerwaarden, Joost and Doebley, John and Briggs, William H and Glaubitz, Jeffrey C and Goodman, Major M and Gonzalez, Jose de Jesus Sanchez and Ross-Ibarra, Jeffrey},
  journal={Proceedings of the National Academy of Sciences},
  volume={108},
  number={3},
  pages={1088--1092},
  year={2011},
  publisher={National Acad Sciences}
}

@article{matsuoka2002,
  title={A single domestication for maize shown by multilocus microsatellite genotyping},
  author={Matsuoka, Yoshihiro and Vigouroux, Yves and Goodman, Major M and Sanchez, Jesus and Buckler, Edward and Doebley, John},
  journal={Proceedings of the National Academy of Sciences},
  volume={99},
  number={9},
  pages={6080--6084},
  year={2002},
  publisher={National Acad Sciences}
}

@article{wilkes1977,
  title={Hybridization of maize and teosinte, in Mexico and Guatemala and the improvement of maize},
  author={Wilkes, HG},
  journal={Economic Botany},
  pages={254--293},
  year={1977},
  publisher={JSTOR}
}

@article{lauter2004,
  title={The inheritance and evolution of leaf pigmentation and pubescence in teosinte},
  author={Lauter, Nick and Gustus, Charles and Westerbergh, Anna and Doebley, John},
  journal={Genetics},
  volume={167},
  number={4},
  pages={1949--1959},
  year={2004},
  publisher={Genetics Soc America}
}

@article{doebley1984,
  title={Maize introgression into teosinte-a reappraisal},
  author={Doebley, John F},
  journal={Annals of the Missouri Botanical Garden},
  pages={1100--1113},
  year={1984},
  publisher={JSTOR}
}

@article{doebley1987,
  title={Patterns of isozyme variation between maize and Mexican annual teosinte},
  author={Doebley, John and Goodman, Major M and Stuber, Charles W},
  journal={Economic Botany},
  volume={41},
  number={2},
  pages={234--246},
  year={1987},
  publisher={Springer}
}

@article{warburton2011,
  title={Gene flow among different teosinte taxa and into the domesticated maize gene pool},
  author={Warburton, Marilyn L and Wilkes, Garrison and Taba, S and Charcosset, Alain and Mir, Celine and Dumas, Fabrice and Madur, Delphine and Dreisigacker, Susanne and Bedoya, Claudia and Prasanna, BM and others},
  journal={Genetic resources and crop evolution},
  volume={58},
  number={8},
  pages={1243--1261},
  year={2011},
  publisher={Springer}
}

@article{fukunaga2005,
  title={Genetic diversity and population structure of teosinte},
  author={Fukunaga, Kenji and Hill, Jason and Vigouroux, Yves and Matsuoka, Yoshihiro and Sanchez, Jesus and Liu, Kejun and Buckler, Edward S and Doebley, John},
  journal={Genetics},
  volume={169},
  number={4},
  pages={2241--2254},
  year={2005},
  publisher={Genetics Soc America}
}

@article{martin2015,
  title={Evaluating the use of ABBA--BABA statistics to locate introgressed loci},
  author={Martin, Simon H and Davey, John W and Jiggins, Chris D},
  journal={Molecular biology and evolution},
  volume={32},
  number={1},
  pages={244--257},
  year={2015},
  publisher={SMBE}
}

